<record><leader>00000cas a22000007a 4500</leader><controlfield tag="001">21438425</controlfield><controlfield tag="008">900427d18941899moudn ne      0    0eng d</controlfield><datafield ind1=" " ind2=" " tag="010"><subfield code="a">sn 90061599 </subfield></datafield><datafield ind1=" " ind2=" " tag="040"><subfield code="a">MQN</subfield><subfield code="b">eng</subfield><subfield code="c">MQN</subfield><subfield code="d">OCLCQ</subfield></datafield><datafield ind1=" " ind2=" " tag="042"><subfield code="a">msc</subfield></datafield><datafield ind1="0" ind2=" " tag="130"><subfield code="a">Evening courier (Jefferson City, Mo.)</subfield></datafield><datafield ind1="1" ind2="4" tag="245"><subfield code="a">The evening courier.</subfield></datafield><datafield ind1=" " ind2=" " tag="260"><subfield code="a">Jefferson City, Mo. :</subfield><subfield code="b">Courier Pub. Co.,</subfield><subfield code="c">1894-</subfield></datafield><datafield ind1=" " ind2=" " tag="300"><subfield code="a">v.</subfield></datafield><datafield ind1=" " ind2=" " tag="310"><subfield code="a">Daily (except Mon.)</subfield></datafield><datafield ind1="0" ind2=" " tag="362"><subfield code="a">Vol. 1, no. 1 (Dec. 10, 1894)-</subfield></datafield><datafield ind1="1" ind2=" " tag="362"><subfield code="a">Ceased in Jan. 1899?</subfield></datafield><datafield ind1=" " ind2=" " tag="580"><subfield code="a">Weekly eds.: Republican-courier (Jefferson City, Mo.), &lt;June 5, 1896&gt;-Dec. 10, 1897; Jefferson City courier (Jefferson City, Mo. : Weekly), Dec. 17, 1897-&lt;Mar. 4, 1898&gt;.</subfield></datafield><datafield ind1=" " ind2=" " tag="752"><subfield code="a">United States</subfield><subfield code="b">Missouri</subfield><subfield code="c">Cole</subfield><subfield code="d">Jefferson City.</subfield></datafield><datafield ind1="1" ind2=" " tag="775"><subfield code="t">Republican-courier (Jefferson City, Mo.)</subfield><subfield code="w">(DLC)sn 90061600</subfield></datafield><datafield ind1="1" ind2=" " tag="775"><subfield code="t">Jefferson City courier (Jefferson City, Mo. : Weekly)</subfield><subfield code="w">(DLC)sn 90061601</subfield></datafield><datafield ind1="0" ind2="0" tag="785"><subfield code="t">Jefferson City courier (Jefferson City, Mo. : Daily)</subfield><subfield code="w">(DLC)sn 90061602</subfield></datafield></record>